% Original paper
@inproceedings{li2019estimating,
  title={Estimating 3d motion and forces of person-object interactions from monocular video},
  author={Li, Zongmian and Sedlar, Jiri and Carpentier, Justin and Laptev, Ivan and Mansard, Nicolas and Sivic, Josef},
  booktitle={Proceedings of the IEEE/CVF Conference on Computer Vision and Pattern Recognition},
  pages={8640--8649},
  year={2019}
}

% Open pose
@inproceedings{cao2017realtime,
  title={Realtime multi-person 2d pose estimation using part affinity fields},
  author={Cao, Zhe and Simon, Tomas and Wei, Shih-En and Sheikh, Yaser},
  booktitle={Proceedings of the IEEE conference on computer vision and pattern recognition},
  pages={7291--7299},
  year={2017}
}

% HMR
@inproceedings{kanazawa2018end,
  title={End-to-end recovery of human shape and pose},
  author={Kanazawa, Angjoo and Black, Michael J and Jacobs, David W and Malik, Jitendra},
  booktitle={Proceedings of the IEEE conference on computer vision and pattern recognition},
  pages={7122--7131},
  year={2018}
}

% Resnet
@inproceedings{he2016deep,
  title={Deep residual learning for image recognition},
  author={He, Kaiming and Zhang, Xiangyu and Ren, Shaoqing and Sun, Jian},
  booktitle={Proceedings of the IEEE conference on computer vision and pattern recognition},
  pages={770--778},
  year={2016}
}

% Mask r-cnn
@inproceedings{he2017mask,
  title={Mask r-cnn},
  author={He, Kaiming and Gkioxari, Georgia and Doll{\'a}r, Piotr and Girshick, Ross},
  booktitle={Proceedings of the IEEE international conference on computer vision},
  pages={2961--2969},
  year={2017}
}